<record><leader>00000cas a2200000Ma 4500</leader><controlfield tag="001">10963493</controlfield><controlfield tag="008">840718d18741877aluwr ne      0    0eng d</controlfield><datafield ind1=" " ind2=" " tag="010"><subfield code="a">sn 84023574 </subfield></datafield><datafield ind1=" " ind2=" " tag="040"><subfield code="a">AQM</subfield><subfield code="b">eng</subfield><subfield code="c">AQM</subfield><subfield code="d">OCLCQ</subfield></datafield><datafield ind1="0" ind2="0" tag="245"><subfield code="a">Opelika weekly times.</subfield></datafield><datafield ind1="1" ind2="7" tag="246"><subfield code="a">Weekly times</subfield></datafield><datafield ind1=" " ind2=" " tag="260"><subfield code="a">Opelika, Ala. :</subfield><subfield code="b">Chilton &amp; Johnson</subfield></datafield><datafield ind1=" " ind2=" " tag="300"><subfield code="a">v. :</subfield><subfield code="b">ill. ;</subfield><subfield code="c">58-67 cm.</subfield></datafield><datafield ind1=" " ind2=" " tag="310"><subfield code="a">Weekly</subfield></datafield><datafield ind1="1" ind2=" " tag="362"><subfield code="a">Began in 1874.</subfield><subfield code="z">Cf. Ellison, R.C. Hist. and bibl. of Ala. newspapers in the nineteenth century.</subfield></datafield><datafield ind1="0" ind2=" " tag="362"><subfield code="a">-v. 4, no. 30 (Oct. 26, 1877).</subfield></datafield><datafield ind1=" " ind2=" " tag="500"><subfield code="a">Editors: John M. Chilton, 1874; J. Kirkpatrick, 1874; Kieser &amp; Gorman, 1876.</subfield></datafield><datafield ind1=" " ind2=" " tag="500"><subfield code="a">"Democratic and Conservative."</subfield></datafield><datafield ind1=" " ind2=" " tag="500"><subfield code="a">Publishers: Chilton &amp; Johnson, &lt;1874&gt;; B.H. Kieser &amp; Co., &lt;1876&gt;.</subfield></datafield><datafield ind1=" " ind2=" " tag="588"><subfield code="a">Description based on: Vol. 1, no. 11 (June 25, 1874).</subfield></datafield><datafield ind1=" " ind2="7" tag="655"><subfield code="a">Newspapers.</subfield><subfield code="2">rbgenr</subfield></datafield><datafield ind1="1" ind2=" " tag="700"><subfield code="a">Kieser, Benjamin H.</subfield></datafield><datafield ind1="1" ind2=" " tag="700"><subfield code="a">Kirkpatrick, John Alexander,</subfield><subfield code="d">1844-1915.</subfield></datafield><datafield ind1="1" ind2=" " tag="700"><subfield code="a">Gorman, T. E.</subfield></datafield><datafield ind1="1" ind2=" " tag="700"><subfield code="a">Chilton, John McElderry,</subfield><subfield code="d">1848-1915.</subfield></datafield><datafield ind1=" " ind2=" " tag="752"><subfield code="a">United States</subfield><subfield code="b">Alabama</subfield><subfield code="c">Lee</subfield><subfield code="d">Opelika.</subfield></datafield><datafield ind1="0" ind2="0" tag="785"><subfield code="t">Opelika times</subfield><subfield code="w">(DLC)sn 85044669</subfield></datafield></record>